<?xml version="1.0" encoding="utf-8"?>
<record xmlns="http://www.loc.gov/MARC21/slim" xmlns:xsi="http://www.w3.org/2001/XMLSchema-instance" xsi:schemaLocation="http://www.loc.gov/MARC21/slim http://www.loc.gov/standards/marcxml/schema/MARC21slim.xsd">
	<leader>     nam a22     Mi 4500</leader>
	<controlfield tag="001">430442</controlfield>
	<controlfield tag="003">NjP</controlfield>
	<controlfield tag="006">m        d        </controlfield>
	<controlfield tag="007">cr cn |||m|||a</controlfield>
	<controlfield tag="008">180816s1987    ir fh   ob    001 0cara d</controlfield>
	<datafield ind1="7" ind2=" " tag="024">
		<subfield code="a">princeton_aco001237</subfield>
		<subfield code="2">local</subfield>
	</datafield>
	<datafield ind1=" " ind2=" " tag="040">
		<subfield code="a">ZYU</subfield>
		<subfield code="b">eng</subfield>
		<subfield code="c">ZYU</subfield>
	</datafield>
	<datafield ind1=" " ind2="4" tag="050">
		<subfield code="a">BP193</subfield>
		<subfield code="b">.A46 1987</subfield>
	</datafield>
	<datafield ind1="1" ind2=" " tag="100">
		<subfield code="6">880-01</subfield>
		<subfield code="a">Āghā Buzurg al-Ṭihrānī, Muḥammad Muḥsin,</subfield>
		<subfield code="d">1875-1970.</subfield>
	</datafield>
	<datafield ind1="1" ind2="0" tag="245">
		<subfield code="6">880-02</subfield>
		<subfield code="a">Ṭabaqāt aʻlām al-Shīʻah</subfield>
		<subfield code="h">[electronic resource] :</subfield>
		<subfield code="b">iḥyāʼ al-dāthir min al-qarn al-ʻāshir /</subfield>
		<subfield code="c">taʼlīf Āghā Buzurg al-Ṭihrānī ; taḥqīq waladihi ʻAlī Naqī Munzawī.</subfield>
	</datafield>
	<datafield ind1=" " ind2=" " tag="260">
		<subfield code="6">880-03</subfield>
		<subfield code="a">[Tihrān] :</subfield>
		<subfield code="b">Muʼassasah-ʼi Intishārāt va Chāp-i Dānishgāh-i Tihrān,</subfield>
		<subfield code="c">1366 [1987 or 1988]</subfield>
	</datafield>
	<datafield ind1=" " ind2=" " tag="300">
		<subfield code="a">online resource (6, 305 p., [1] leaf of plates) :</subfield>
		<subfield code="b">facsims.</subfield>
	</datafield>
	<datafield ind1="1" ind2=" " tag="490">
		<subfield code="6">880-04</subfield>
		<subfield code="a">Intishārt̄-i Dānishgāh-i Tihrān ;</subfield>
		<subfield code="v">shumr̄ah-ʾi 1904</subfield>
	</datafield>
	<datafield ind1=" " ind2=" " tag="500">
		<subfield code="a">&quot;Shumārah-ʾi musalsal-i 2597&quot;--P. facing t.p.</subfield>
	</datafield>
	<datafield ind1=" " ind2=" " tag="500">
		<subfield code="a">Includes bibliographical references and indexes.</subfield>
	</datafield>
	<datafield ind1=" " ind2=" " tag="500">
		<subfield code="a">Part of the Arabic Collections Online (ACO) project, contributed by Princeton University Libraries.</subfield>
	</datafield>
	<datafield ind1=" " ind2=" " tag="533">
		<subfield code="a">Electronic reproduction.</subfield>
		<subfield code="b">New York, N.Y. :</subfield>
		<subfield code="c">New York University,</subfield>
		<subfield code="d">2018.</subfield>
		<subfield code="5">NNU</subfield>
	</datafield>
	<datafield ind1=" " ind2="0" tag="650">
		<subfield code="a">Shiites</subfield>
		<subfield code="x">Biography.</subfield>
	</datafield>
	<datafield ind1="1" ind2=" " tag="700">
		<subfield code="6">880-05</subfield>
		<subfield code="a">Munzavī, ʻAlī Naqī.</subfield>
	</datafield>
	<datafield ind1="2" ind2=" " tag="710">
		<subfield code="a">Princeton University.</subfield>
		<subfield code="b">Library.</subfield>
	</datafield>
	<datafield ind1="0" ind2=" " tag="730">
		<subfield code="a">Arabic Collections Online.</subfield>
	</datafield>
	<datafield ind1="0" ind2="8" tag="776">
		<subfield code="i">Print version:</subfield>
		<subfield code="a">Āghā Buzurg al-Ṭihrānī, Muḥammad Muḥsin, 1875-1970.</subfield>
		<subfield code="t">Ṭabaqāt aʻlām al-Shīʻah</subfield>
		<subfield code="w">(NjP)430442</subfield>
	</datafield>
	<datafield ind1=" " ind2="0" tag="830">
		<subfield code="a">Publications de l'Université de Tehran ;</subfield>
		<subfield code="v">no. 1904.</subfield>
	</datafield>
	<datafield ind1="4" ind2="0" tag="856">
		<subfield code="u">http://hdl.handle.net/2333.1/2bvq88wj</subfield>
	</datafield>
	<datafield ind1="1" ind2=" " tag="880">
		<subfield code="6">100-01</subfield>
		<subfield code="a">آغا بزرگ الطهراني، محمد محسن،‎</subfield>
		<subfield code="d">18751970.</subfield>
	</datafield>
	<datafield ind1="1" ind2="0" tag="880">
		<subfield code="6">245-02</subfield>
		<subfield code="a">طبقات أعلام الشيعة :‎</subfield>
		<subfield code="b">إحياء الداثر من القرن العاشر /‎</subfield>
		<subfield code="c">تأليف آغا بزرگ الطهراني ؛ تحقيق ولده علي نقي منزوي.‎</subfield>
	</datafield>
	<datafield ind1=" " ind2=" " tag="880">
		<subfield code="6">260-03</subfield>
		<subfield code="a">[تهران] :‎</subfield>
		<subfield code="b">مؤسسۀ انتشارات و چاپ دانشگاه تهران،‎</subfield>
		<subfield code="c">1366 [1987 or 1988]</subfield>
	</datafield>
	<datafield ind1="1" ind2=" " tag="880">
		<subfield code="6">490-04</subfield>
		<subfield code="a">انتشارات دانشگاه تهران ؛‎</subfield>
		<subfield code="v">شمارۀ 1904‎</subfield>
	</datafield>
	<datafield ind1="1" ind2=" " tag="880">
		<subfield code="6">700-05</subfield>
		<subfield code="a">منزوى، على نقى.‎</subfield>
	</datafield>
	<datafield ind1=" " ind2=" " tag="911">
		<subfield code="a">19921028</subfield>
	</datafield>
	<datafield ind1=" " ind2=" " tag="912">
		<subfield code="a">19900828000000.0</subfield>
	</datafield>
	<datafield ind1=" " ind2=" " tag="959">
		<subfield code="a">NNU</subfield>
		<subfield code="b">WEB</subfield>
		<subfield code="c">GENI</subfield>
		<subfield code="t">0</subfield>
		<subfield code="m">Electronic access</subfield>
		<subfield code="s">01</subfield>
	</datafield>
	<datafield ind1=" " ind2=" " tag="999">
		<subfield code="i">NjP_430442</subfield>
		<subfield code="s">princeton_aco001237</subfield>
		<subfield code="e">(ERROR-880)</subfield>
		<subfield code="s">princeton_aco001237</subfield>
	</datafield>
</record>
